@book{Sakai1976,
author = {Sakai, Makoto},
file = {:home/philipp/Documents/LinuxSisc/Sem3/SiSc{\_}Lab/report/1986{\_}Book{\_}MinimalSurfacesIn‚Ñù3.pdf:pdf},
isbn = {3540080007},
pages = {1--38},
title = {{Lecture Notes in Mathematics -- Minimal Surfaces in R3}},
year = {1976}
}
@book{naumann,
  title={The art of differentiating computer programs: an introduction to algorithmic differentiation},
  author={Naumann, Uwe},
  volume={24},
  year={2012},
  publisher={Siam}
}
